%\bibliography{desc}


@article{J1,
   AUTHOR = {Jackson, Steve},
   TITLE  = {A computation of ${\boldsymbol\delta}^1_5$},
   JOURNAL   = {Memoirs of the A.M.S.},
  FJOURNAL= {Memoirs of the American Mathematical Society},
   VOLUME = {140},
   NUMBER ={670},
     YEAR ={1999},
    PAGES={1--94},
}

@incollection {J2,
   AUTHOR = {Jackson, Steve},
    TITLE = {{A}{D} and the projective ordinals},
BOOKTITLE = {Cabal Seminar 81--85},
    PAGES = {117--220},
   SERIES = {Lecture Notes in Math.},
   VOLUME = {1333},
PUBLISHER = {Springer},
  ADDRESS = {Berlin},
     YEAR = {1988},
}



@incollection {J3,
   AUTHOR = {Jackson, Steve},
    TITLE = {Structural consequences of {A}{D}},
BOOKTITLE = {Handbook of Set Theory},
PAGES     ={1753--1876},
PUBLISHER = {Springer},
VOLUME    = {3},
ADDRESS   ={Dordrecht},
YEAR      ={2010},
EDITORS   ={Foreman, Kanmori}
}


  




@book {Ke,
 AUTHOR={Kechris, Alexander S.},
TITLE={Classical Descriptive Set Theory},
SERIES={Graduate Texts in Mathematics},
VOLUME={156},
PUBLISHER={Springer-Verlag},
YEAR={1994}
}




@incollection {Ke1,
   AUTHOR = {Kechris, Alexander S.},
    TITLE = {{A}{D} and the projective ordinals},
BOOKTITLE = {Cabal seminar 76--77},
    PAGES = {91--132},
   SERIES = {Lecture Notes in Math.},
   VOLUME = {689},
PUBLISHER = {Springer},
  ADDRESS = {Berlin},
     YEAR = {1978},
}



@incollection {Ke2,
   AUTHOR = {Kechris, Alexander S.},
    TITLE = {Homogeneous trees and projective scales},
BOOKTITLE = {Cabal seminar 77--79},
    PAGES = {33--73},
   SERIES = {Lecture Notes in Math.},
   VOLUME = {839},
PUBLISHER = {Springer},
  ADDRESS = {Berlin},
     YEAR = {1981},
}



@book{Mo,
   AUTHOR = {Moschovakis, Yiannis N.},
   TITLE  = {Descriptive set theory},
   PUBLISHER = {North--Holland},
   YEAR   = {1980},
   SERIES = {Studies in logic},
   VOLUME = {100},
}



@incollection {So,
   AUTHOR = {Solovay, Robert M.},
    TITLE = {{A} $\Delta^1_3$ coding of the subsets of $\omega_\omega$},
BOOKTITLE = {Cabal seminar 76--77},
    PAGES = {133--150},
   SERIES = {Lecture Notes in Math.},
   VOLUME = {689},
PUBLISHER = {Springer},
  ADDRESS = {Berlin},
     YEAR = {1978},
}
